<?xml version="1.0" encoding="UTF-8"?><record xmlns="http://www.loc.gov/MARC21/slim" xmlns:cinclude="http://apache.org/cocoon/include/1.0" xmlns:zs="http://www.loc.gov/zing/srw/">
  <leader>00437nz  a2200133n  4500</leader>
  <controlfield tag="001">no2006069139</controlfield>
  <controlfield tag="003">DLC</controlfield>
  <controlfield tag="005">20060706051910.0</controlfield>
  <controlfield tag="008">060623n| acannaabn           n ana     c</controlfield>
  <datafield tag="010" ind1=" " ind2=" ">
    <subfield code="a">no2006069139</subfield>
  </datafield>
  <datafield tag="035" ind1=" " ind2=" ">
    <subfield code="a">(OCoLC)oca06985827</subfield>
  </datafield>
  <datafield tag="040" ind1=" " ind2=" ">
    <subfield code="a">LU</subfield>
    <subfield code="b">eng</subfield>
    <subfield code="c">LU</subfield>
  </datafield>
  <datafield tag="110" ind1="2" ind2=" ">
    <subfield code="a">American Society of Interior Designers.</subfield>
    <subfield code="b">Louisiana District Chapter</subfield>
  </datafield>
  <datafield tag="670" ind1=" " ind2=" ">
    <subfield code="a">Directory,1975-1976:</subfield>
    <subfield code="b">t.p. (American Society of Interior Designers. Louisiana District Chapter)</subfield>
  </datafield>
</record>